<record><leader>00000cas a22000007a 4500</leader><controlfield tag="001">11655898</controlfield><controlfield tag="008">850204d19091914nyuwr ne      0    0eng d</controlfield><datafield ind1=" " ind2=" " tag="010"><subfield code="a">sn 85054091 </subfield></datafield><datafield ind1=" " ind2=" " tag="040"><subfield code="a">NYG</subfield><subfield code="b">eng</subfield><subfield code="c">NYG</subfield><subfield code="d">NPX</subfield><subfield code="d">NYS</subfield><subfield code="d">OCLCQ</subfield><subfield code="d">NYG</subfield><subfield code="d">OCLCF</subfield></datafield><datafield ind1="1" ind2=" " tag="029"><subfield code="a">AU@</subfield><subfield code="b">000020349394</subfield></datafield><datafield ind1=" " ind2=" " tag="042"><subfield code="a">msc</subfield></datafield><datafield ind1="0" ind2=" " tag="130"><subfield code="a">Cuba patriot and free press (Cuba, N.Y. : 1909)</subfield></datafield><datafield ind1="1" ind2="4" tag="245"><subfield code="a">The Cuba patriot and free press.</subfield></datafield><datafield ind1=" " ind2=" " tag="260"><subfield code="a">Cuba, N.Y. :</subfield><subfield code="b">John W. Stickle, Arthur A. Norton</subfield></datafield><datafield ind1=" " ind2=" " tag="300"><subfield code="a">v. :</subfield><subfield code="b">ill.</subfield></datafield><datafield ind1=" " ind2=" " tag="310"><subfield code="a">Weekly</subfield></datafield><datafield ind1="0" ind2=" " tag="362"><subfield code="a">-v. 53, no. 23 (Aug. 14, 1914).</subfield></datafield><datafield ind1="1" ind2=" " tag="362"><subfield code="a">Began in 1909.</subfield><subfield code="z">Cf. Gregory, W. Amer. newspapers.</subfield></datafield><datafield ind1=" " ind2=" " tag="500"><subfield code="a">Publishers: John W. Stickle, Arthur A. Norton, &lt;1909&gt;; F.C. Dean, -1914.</subfield></datafield><datafield ind1=" " ind2=" " tag="530"><subfield code="a">Also available on microfilm from the Micro Photo Division, Bell &amp; Howell.</subfield></datafield><datafield ind1=" " ind2=" " tag="588"><subfield code="a">Description based on: Vol. 21, no. 40 (Dec. 10, 1909).</subfield></datafield><datafield ind1=" " ind2="0" tag="651"><subfield code="a">Cuba (N.Y.)</subfield><subfield code="v">Newspapers.</subfield></datafield><datafield ind1=" " ind2="0" tag="651"><subfield code="a">Allegany County (N.Y.)</subfield><subfield code="v">Newspapers.</subfield></datafield><datafield ind1=" " ind2="7" tag="655"><subfield code="a">Newspapers.</subfield><subfield code="2">fast</subfield><subfield code="0">(OCoLC)fst01423814</subfield></datafield><datafield ind1=" " ind2="7" tag="651"><subfield code="a">New York (State)</subfield><subfield code="z">Allegany County.</subfield><subfield code="2">fast</subfield><subfield code="0">(OCoLC)fst01221766</subfield></datafield><datafield ind1=" " ind2="7" tag="651"><subfield code="a">New York (State)</subfield><subfield code="z">Cuba.</subfield><subfield code="2">fast</subfield><subfield code="0">(OCoLC)fst01221668</subfield></datafield><datafield ind1=" " ind2=" " tag="752"><subfield code="a">United States</subfield><subfield code="b">New York</subfield><subfield code="c">Allegany</subfield><subfield code="d">Cuba.</subfield></datafield><datafield ind1="0" ind2="4" tag="780"><subfield code="t">Cuba patriot (Cuba, N.Y. : 1875)</subfield><subfield code="w">(DLC)sn 84031258</subfield><subfield code="w">(OCoLC)10767945</subfield></datafield><datafield ind1="0" ind2="4" tag="780"><subfield code="t">Cuba free press</subfield></datafield><datafield ind1="0" ind2="0" tag="785"><subfield code="t">Cuba patriot (Cuba, N.Y. : 1914)</subfield><subfield code="w">(DLC)sn 90066077</subfield><subfield code="w">(OCoLC)21583911</subfield></datafield></record>